@article{thacker2016baseball,
  title={Baseball-Reference. com},
  author={Thacker, Daniel},
  journal={Reference Reviews},
  year={2016},
  publisher={Emerald Group Publishing Limited}
}

 @inbook{cassidy_2021, place={New York}, 
  title={Chapter 12: George Akerlof's Market for Lemons}, 
  booktitle={How Markets Fail: The Rise and Fall of Free Market Economics}, 
  publisher={Picador}, 
  author={Cassidy, John}, 
  year={2021}
} 

 @misc{spotrac.com, 
  title={2022 MLB free agents tracker}, 
  url={https://www.spotrac.com/mlb/free-agents/2022/}, 
  journal={Spotrac.com}
} 
