 @book{cassidy_2021, place={New York}, 
 title={How Markets Fail: The Rise and Fall of Free Market Economics}, 
 publisher={Picador}, 
 author={Cassidy, John}, 
 year={2021}} 
 
 @misc{ballparks, 
 title={Coors Field}, 
 url={https://ballparks.com/baseball/national/coorsf.htm}, 
 journal={Ballparks}, 
 publisher={Munsey &amp; Suppes}} 
 
 @misc{baseball_reference, 
 title={2022 Major League Baseball Standard Batting}, 
 url={https://www.baseball-reference.com/leagues/majors/2022-standard-batting.shtml}, 
 journal={Baseball Reference}, 
 publisher={Sports Reference}} 
 
 @misc{baseball_reference, 
 title={2022 Major League Baseball Value}, 
 url={https://www.baseball-reference.com/leagues/majors/2022-value-batting.shtml}, 
 journal={Baseball Reference}, 
 publisher={Sports Reference}} 
 
 @misc{baseball_reference, 
 title={Los Angeles Angels vs Boston Red Sox Box Score: May 5, 2022}, 
 url={https://www.baseball-reference.com/boxes/BOS/BOS202205050.shtml}, 
 journal={Baseball Reference}, 
 publisher={Sports Reference}} 
 
 @misc{m.garcia_arorab_a.reesec_j.shainc_2020, 
 title={Free agency and Organizational Rankings: A social comparison perspective on signaling theory}, 
 url={https://www.sciencedirect.com/science/article/abs/pii/S2214804319304963}, 
 journal={Journal of Behavioral and Experimental Economics}, 
 publisher={North-Holland}, 
 author={M. Garcia, Stephen and Arorab, Poonam and A. Reesec, Zachary and J. Shainc, Michael}, year={2020}, month={Jun}} 
 
 @misc{mlb.com, 
 title={Fenway Park Information Guide: Boston Red Sox}, 
 url={https://www.mlb.com/redsox/ballpark/information/guide}, 
 journal={MLB.com}, 
 publisher={MLB}} 
 
 @misc{mlb.com, 
 title={Standard stats: Glossary}, 
 url={https://www.mlb.com/glossary/standard-stats}, 
 journal={MLB.com}, 
 publisher={MLB}} 
 
 @misc{one-way_anova - an introduction to when you should run this test and the test hypothesis | laerd statistics, 
 title={One-way ANOVA}, 
 url={https://statistics.laerd.com/statistical-guides/one-way-anova-statistical-guide.php}, 
 journal={One-way ANOVA - An introduction to when you should run this test and the test hypothesis | Laerd Statistics}, 
 publisher={Laerd Statistics}} 
 
 @misc{spotrac.com, 
 title={2022 MLB free agents tracker}, 
 url={https://www.spotrac.com/mlb/free-agents/2022/}, 
 journal={Spotrac.com}, 
 publisher={Spotrac}} 
 
 @misc{statmuse, 
 title={Kyle Schwarber career postseason stats}, 
 url={https://www.statmuse.com/mlb/ask/kyle-schwarber-career-postseason-stats#:~:text=Kyle%20Schwarber%20has%20a%20.,the%20postseason%20in%20his%20career.}, 
 journal={StatMuse}, 
 publisher={StatMuse}} 
